@inproceedings{exokernel,
  title={Exokernel: An operating system architecture for application-level resource management},
  author={Engler, Dawson R and Kaashoek, M Frans and others},
  booktitle={ACM SIGOPS Operating Systems Review},
  volume={29},
  number={5},
  pages={251--266},
  year={1995},
  organization={ACM}
}

@article{vj,
  title={Speeding up networking.},
  author={Jacobson, V. and Felderman, R.},
  journal={Linux Conference Australia},
  year={2006}
}

@article{porter,
  title={Rethinking the library OS from the top down},
  author={Porter, Donald E and Boyd-Wickizer, Silas and Howell, Jon and Olinsky, Reuben and Hunt, Galen C},
  journal={ACM SIGPLAN Notices},
  volume={46},
  number={3},
  pages={291--304},
  year={2011},
  publisher={ACM}
}

@article{Waldspurger:2002,
  author = {Waldspurger, Carl A.},
  title = {Memory Resource Management in VMware ESX Server},
  journal = {SIGOPS Oper. Syst. Rev.},
  issue_date = {Winter 2002},
  volume = {36},
  number = {SI},
  month = dec,
  year = {2002},
  issn = {0163-5980},
  pages = {181--194},
  numpages = {14},
  url = {http://doi.acm.org/10.1145/844128.844146},
  doi = {10.1145/844128.844146},
  acmid = {844146},
  publisher = {ACM},
  address = {New York, NY, USA},
}

@article{zhao2009dynamic,
  title={Dynamic memory balancing for virtual machines},
  author={Zhao, Weiming and Wang, Zhenlin and Luo, Yingwei},
  journal={ACM SIGOPS Operating Systems Review},
  volume={43},
  number={3},
  pages={37--47},
  year={2009},
  publisher={ACM}
}

@book{liang1999java,
  title={The Java TM Native Interface: Programmer's Guide and Specification},
  author={Liang, Sheng},
  year={1999},
  publisher={Addison-Wesley Professional}
}

@article{stefanovic1999age,
  title={Age-based garbage collection},
  author={Stefanovi{\'c}, Darko and McKinley, Kathryn S and Moss, J Eliot B},
  journal={ACM SIGPLAN Notices},
  volume={34},
  number={10},
  pages={370--381},
  year={1999},
  publisher={ACM}
}

@inproceedings{ammons2007libra,
  title={Libra: a library operating system for a jvm in a virtualized execution environment},
  author={Ammons, Glenn and Appavoo, Jonathan and Butrico, Maria and Da Silva, Dilma and Grove, David and Kawachiya, Kiyokuni and Krieger, Orran and Rosenburg, Bryan and Van Hensbergen, Eric and Wisniewski, Robert W},
  booktitle={Proceedings of the 3rd international conference on Virtual execution environments},
  pages={44--54},
  year={2007},
  organization={ACM}
}

@inproceedings{madhavapeddy2013unikernels,
  title={Unikernels: Library operating systems for the cloud},
  author={Madhavapeddy, Anil and Mortier, Richard and Rotsos, Charalampos and Scott, David and Singh, Balraj and Gazagnaire, Thomas and Smith, Steven and Hand, Steven and Crowcroft, Jon},
  booktitle={Proceedings of the eighteenth international conference on Architectural support for programming languages and operating systems},
  pages={461--472},
  year={2013},
  organization={ACM}
}

@misc{printezis2005garbage,
  title={Garbage Collection in the Java HotSpot Virtual Machine},
  author={Printezis, Tony},
  year={2005},
  publisher={Sun Microsystems}
}

@article{tene2011c4,
  title={C4: the continuously concurrent compacting collector},
  author={Tene, Gil and Iyengar, Balaji and Wolf, Michael},
  journal={ACM SIGPLAN Notices},
  volume={46},
  number={11},
  pages={79--88},
  year={2011},
  publisher={ACM}
}

@inproceedings{des2005virtualization,
  title={Virtualization of Linux based computers: the Linux-VServer project},
  author={des Ligneris, Benoit},
  booktitle={High Performance Computing Systems and Applications, 2005. HPCS 2005. 19th International Symposium on},
  pages={340--346},
  year={2005},
  organization={IEEE}
}

@inproceedings{soltesz2007container,
  title={Container-based operating system virtualization: a scalable, high-performance alternative to hypervisors},
  author={Soltesz, Stephen and P{\"o}tzl, Herbert and Fiuczynski, Marc E and Bavier, Andy and Peterson, Larry},
  booktitle={ACM SIGOPS Operating Systems Review},
  volume={41},
  number={3},
  pages={275--287},
  year={2007},
  organization={ACM}
}

@article{spinlock,
  title={The performance of spin lock alternatives for shared-money multiprocessors},
  author={Anderson, Thomas E.},
  journal={Parallel and Distributed Systems, IEEE Transactions on},
  volume={1},
  number={1},
  pages={6--16},
  year={1990},
  publisher={IEEE}
}

@article{friebel2008deal,
  title={How to deal with lock holder preemption},
  author={Friebel, Thomas and Biemueller, Sebastian},
  journal={Xen Summit North America},
  year={2008}
}

@inproceedings{uhlig2004towards,
  title={Towards Scalable Multiprocessor Virtual Machines.},
  author={Uhlig, Volkmar and LeVasseur, Joshua and Skoglund, Espen and Dannowski, Uwe},
  booktitle={Virtual Machine Research and Technology Symposium},
  pages={43--56},
  year={2004}
}

@article{michael1998nonblocking,
  title={Nonblocking algorithms and preemption-safe locking on multiprogrammed shared memory multiprocessors},
  author={Michael, Maged M and Scott, Michael L},
  journal={Journal of Parallel and Distributed Computing},
  volume={51},
  number={1},
  pages={1--26},
  year={1998},
  publisher={Elsevier}
}

@inproceedings{RCU,
  title={Read-copy update: Using execution history to solve concurrency problems},
  author={McKenney, Paul E and Slingwine, John D},
  booktitle={Parallel and Distributed Computing and Systems},
  pages={509--518},
  year={1998}
}

@incollection{mutex,
  title={LFthreads: A lock-free thread library},
  author={Gidenstam, Anders and Papatriantafilou, Marina},
  booktitle={Principles of Distributed Systems},
  pages={217--231},
  year={2007},
  publisher={Springer}
}

@article{massalin1992lock,
  title={A lock-free multiprocessor OS kernel},
  author={Massalin, Henry and Pu, Calton},
  journal={ACM SIGOPS Operating Systems Review},
  volume={26},
  number={2},
  pages={108},
  year={1992}
}

@inproceedings{romer1995reducing,
 title={Reducing TLB and memory overhead using online superpage promotion},
 author={Romer, Theodore H. and Ohlrich, Wayne H. and Karlin, Anna R. and Bershad, Brian N.},
 booktitle={Computer Architecture, 1995. Proceedings., 22nd Annual International Symposium on},
 pages={176--187},
 year={1995},
 organization={IEEE}
}

@ARTICLE{ARCreplacement,
    author={Megiddo, Nimrod and Modha, D.S.},
    journal={Computer},
    title={Outperforming LRU with an adaptive replacement cache algorithm},
    year={2004},
    month={April},
    volume={37},
    number={4},
    pages={58-65},
    keywords={cache storage;computational complexity;paged storage;LRU;adaptive replacement cache algorithm;auxiliary storage;least-recently-used algorithm;memory hierarchy;Computer applications;Control systems;Disk drives;File systems;Frequency;Heuristic algorithms;Middleware;Operating systems;Spatial databases;Web server},
    doi={10.1109/MC.2004.1297303},
    ISSN={0018-9162},
    organization={IEEE}
}

@inproceedings{shafer2010virtualization,
   title={I/O virtualization bottlenecks in cloud computing today},
   author={Shafer, Jeffrey},
   booktitle={Proceedings of the 2nd conference on I/O virtualization},
   pages={5--5},
   year={2010},
   organization={USENIX Association}
}

@article{smith2011hype,
   title={Hype cycle for cloud computing 2011},
   author={Smith, David Mitchell},
   journal={Gartner Inc., Stamford},
   year={2011}
}


